<record><leader>00000cas a2200000 a 4500</leader><controlfield tag="001">13118516</controlfield><controlfield tag="008">860207d18881890cauwr ne      0    0eng c</controlfield><datafield ind1=" " ind2=" " tag="010"><subfield code="a">sn 86064437 </subfield></datafield><datafield ind1=" " ind2=" " tag="040"><subfield code="a">KSH</subfield><subfield code="b">eng</subfield><subfield code="c">KSH</subfield><subfield code="d">NPT</subfield><subfield code="d">CNK</subfield><subfield code="d">OCL</subfield><subfield code="d">CNK</subfield><subfield code="d">OCLCQ</subfield><subfield code="d">OCLCF</subfield><subfield code="d">OCLCO</subfield></datafield><datafield ind1=" " ind2=" " tag="042"><subfield code="a">pcc</subfield></datafield><datafield ind1=" " ind2=" " tag="043"><subfield code="a">n-us-ca</subfield></datafield><datafield ind1="0" ind2="0" tag="245"><subfield code="a">Ventura vidette.</subfield></datafield><datafield ind1=" " ind2=" " tag="260"><subfield code="a">San Buena Ventura, Ventura Co., Calif. :</subfield><subfield code="b">F.E. Smith</subfield></datafield><datafield ind1=" " ind2=" " tag="300"><subfield code="a">v. ;</subfield><subfield code="c">46-51 cm.</subfield></datafield><datafield ind1=" " ind2=" " tag="310"><subfield code="a">Weekly</subfield></datafield><datafield ind1="1" ind2=" " tag="362"><subfield code="a">Began in 1888.</subfield></datafield><datafield ind1="0" ind2=" " tag="362"><subfield code="a">-v. 16, no. 11 (Mar. 15, 1890).</subfield></datafield><datafield ind1=" " ind2=" " tag="500"><subfield code="a">Published by Smith &amp; Bowers, &lt;July 20, 1889&gt;</subfield></datafield><datafield ind1=" " ind2=" " tag="515"><subfield code="a">Assumed numbering of Ventura free press (Ventura, Calif. : 1875), &lt;June 15, 1889&gt;</subfield></datafield><datafield ind1=" " ind2=" " tag="530"><subfield code="a">Master negatives are available for duplication from:</subfield><subfield code="b">California Newspaper Microfilm Archive;</subfield><subfield code="c">positive copies may be purchased by the reel; for further information consult the CNMA at:</subfield><subfield code="u">http://cbsr.ucr.edu</subfield></datafield><datafield ind1=" " ind2=" " tag="588"><subfield code="a">Description based on: Vol. 1, no. 11 (July 14, 1888).</subfield></datafield><datafield ind1=" " ind2="0" tag="651"><subfield code="a">Ventura (Calif.)</subfield><subfield code="v">Newspapers.</subfield></datafield><datafield ind1=" " ind2="7" tag="655"><subfield code="a">Newspapers.</subfield><subfield code="2">fast</subfield><subfield code="0">(OCoLC)fst01423814</subfield></datafield><datafield ind1=" " ind2="7" tag="651"><subfield code="a">California</subfield><subfield code="z">Ventura.</subfield><subfield code="2">fast</subfield><subfield code="0">(OCoLC)fst01212931</subfield></datafield><datafield ind1=" " ind2=" " tag="752"><subfield code="a">United States</subfield><subfield code="b">California</subfield><subfield code="c">Ventura</subfield><subfield code="d">Ventura.</subfield></datafield><datafield ind1="0" ind2=" " tag="775"><subfield code="t">Ventura vidette (Ventura, Calif. : Daily)</subfield><subfield code="w">(DLC)sn 95061234</subfield></datafield><datafield ind1="0" ind2="5" tag="780"><subfield code="t">Ventura free press (Ventura, Calif. : 1875)</subfield><subfield code="w">(DLC)sn 85025215</subfield></datafield><datafield ind1="0" ind2="0" tag="785"><subfield code="t">Free press (Ventura, Calif.)</subfield><subfield code="w">(DLC)sn 96061051</subfield></datafield></record>